<?xml version='1.0' encoding='UTF-8'?>
<record xmlns="http://www.loc.gov/MARC21/slim">
  <leader>01839cam a2200433 a 4500</leader>
  <controlfield tag="001">1135621</controlfield>
  <controlfield tag="003">NjP</controlfield>
  <controlfield tag="005">20170605130510.0</controlfield>
  <controlfield tag="008">950615s1823    ua            000 0 ara d</controlfield>
  <datafield tag="024" ind1="7" ind2=" ">
    <subfield code="a">princeton_aco002566</subfield>
    <subfield code="2">local</subfield>
  </datafield>
  <datafield ind1=" " ind2=" " tag="035">
    <subfield code="a">(OCoLC)36849288</subfield>
  </datafield>
  <datafield ind1=" " ind2=" " tag="035">
    <subfield code="a">(OCoLC)ocn176681112</subfield>
  </datafield>
  <datafield ind1=" " ind2=" " tag="035">
    <subfield code="a">(OCoLC)176681112</subfield>
  </datafield>
  <datafield ind1=" " ind2=" " tag="035">
    <subfield code="a">(CStRLIN)NJPG95-B37158</subfield>
  </datafield>
  <datafield ind1=" " ind2=" " tag="035">
    <subfield code="9">CCN3131TS</subfield>
  </datafield>
  <datafield ind1=" " ind2=" " tag="035">
    <subfield code="a">(NjP)1135621</subfield>
  </datafield>
  <datafield ind1=" " ind2=" " tag="040">
    <subfield code="a">NjP</subfield>
    <subfield code="c">PUL</subfield>
    <subfield code="d">PUL</subfield>
  </datafield>
  <datafield ind1=" " ind2=" " tag="049">
    <subfield code="a">PULL</subfield>
  </datafield>
  <datafield ind1=" " ind2=" " tag="079">
    <subfield code="a">ocm36849288</subfield>
  </datafield>
  <datafield ind1="0" ind2=" " tag="100">
    <subfield code="6">880-01</subfield>
    <subfield code="a">Mākīrū,</subfield>
    <subfield code="c">al-ʻAllāmā.</subfield>
    <subfield code="0">http://id.loc.gov/authorities/names/n82041024</subfield>
  </datafield>
  <datafield ind1="1" ind2="0" tag="245">
    <subfield code="6">880-02</subfield>
    <subfield code="a">Kitāb fī ṣināʻat ṣibāgh al-ḥarīr /</subfield>
    <subfield code="c">taʼlīf Mākīrū.</subfield>
  </datafield>
  <datafield ind1="3" ind2="0" tag="246">
    <subfield code="6">880-03</subfield>
    <subfield code="a">Fī ṣināʻat ṣibāgh al-ḥarīr</subfield>
  </datafield>
  <datafield ind1="3" ind2="0" tag="246">
    <subfield code="6">880-04</subfield>
    <subfield code="a">Ṣināʻat ṣibāgh al-ḥarīr</subfield>
  </datafield>
  <datafield ind1="3" ind2="3" tag="246">
    <subfield code="6">880-05</subfield>
    <subfield code="a">Fī al-ṣabghah, kitāb fī ṣināʻat ṣibāgh al-ḥarīr</subfield>
  </datafield>
  <datafield ind1=" " ind2=" " tag="260">
    <subfield code="6">880-06</subfield>
    <subfield code="a">Būlāq :</subfield>
    <subfield code="b">[s.n.],</subfield>
    <subfield code="c">1238 [1823]</subfield>
  </datafield>
  <datafield ind1=" " ind2=" " tag="300">
    <subfield code="a">12, 118 p. ;</subfield>
    <subfield code="c">27 cm.</subfield>
  </datafield>
  <datafield ind1=" " ind2=" " tag="500">
    <subfield code="a">Translated by Rāfāʼil Rāhib from an original published in Paris in 1808.</subfield>
  </datafield>
  <datafield ind1=" " ind2=" " tag="500">
    <subfield code="a">Title from p. 10 (second group)</subfield>
  </datafield>
  <datafield ind1=" " ind2="0" tag="650">
    <subfield code="a">Silk industry.</subfield>
    <subfield code="0">http://id.loc.gov/authorities/subjects/sh85122547</subfield>
  </datafield>
  <datafield ind1="0" ind2=" " tag="880">
    <subfield code="6">100-01/r</subfield>
    <subfield code="a">ماكيروا،</subfield>
    <subfield code="c">العلاما.</subfield>
  </datafield>
  <datafield ind1="1" ind2="0" tag="880">
    <subfield code="6">245-02/r</subfield>
    <subfield code="a">كتاب في صناعة صباغ الحرير /</subfield>
    <subfield code="c">تأليف ماكيروا.</subfield>
  </datafield>
  <datafield ind1="3" ind2="0" tag="880">
    <subfield code="6">246-03/r</subfield>
    <subfield code="a">في صناعة صباغ الحرير</subfield>
  </datafield>
  <datafield ind1="3" ind2="0" tag="880">
    <subfield code="6">246-04/r</subfield>
    <subfield code="a">صناعة صباغ الحرير</subfield>
  </datafield>
  <datafield ind1="3" ind2="3" tag="880">
    <subfield code="6">246-05/r</subfield>
    <subfield code="a">في الصبغة، كتاب في صناعة صباغ الحرير</subfield>
  </datafield>
  <datafield ind1=" " ind2=" " tag="880">
    <subfield code="6">260-06/r</subfield>
    <subfield code="a">بولاق :</subfield>
    <subfield code="b">[s.n.]،</subfield>
    <subfield code="c">1238 [1823]</subfield>
  </datafield>
  <datafield ind1="4" ind2=" " tag="856">
    <subfield code="u">http://hdl.handle.net/2027/njp.32101027324373</subfield>
  </datafield>
  <datafield ind1=" " ind2=" " tag="998">
    <subfield code="a">04/22/97</subfield>
    <subfield code="s">9114</subfield>
    <subfield code="n">NjP</subfield>
    <subfield code="w">NJPG95B37158</subfield>
    <subfield code="d">06/15/95</subfield>
    <subfield code="c">AAH</subfield>
    <subfield code="b">KC</subfield>
    <subfield code="i">970422</subfield>
    <subfield code="l">NJPG</subfield>
  </datafield>
  <datafield ind1=" " ind2=" " tag="911">
    <subfield code="a">19970508</subfield>
  </datafield>
  <datafield ind1=" " ind2=" " tag="912">
    <subfield code="a">19970819061255.0</subfield>
  </datafield>
  <datafield ind1=" " ind2=" " tag="994">
    <subfield code="a">C0</subfield>
    <subfield code="b">PUL</subfield>
  </datafield>
  <datafield ind1=" " ind2=" " tag="999">
    <subfield code="a">1135621</subfield>
  </datafield>
  <datafield ind1="0" ind2="0" tag="852">
    <subfield code="0">1302413</subfield>
    <subfield code="b">nec</subfield>
    <subfield code="t">1</subfield>
    <subfield code="h">TS1665</subfield>
    <subfield code="i">.M344 1823</subfield>
  </datafield>
  <datafield ind1="8" ind2=" " tag="852">
    <subfield code="0">8688234</subfield>
    <subfield code="b">elf1</subfield>
    <subfield code="h">Electronic Resource</subfield>
  </datafield>
  <datafield ind1=" " ind2=" " tag="959">
    <subfield code="a">2000-06-08 00:00:00 -0500</subfield>
  </datafield>
</record>
